@misc{PubMed33769946, 
title={COVID-19 Vaccine Hesitancy in Canada: Content Analysis of Tweets Using the Theoretical Domains Framework}, 
url={https://pubmed.ncbi.nlm.nih.gov/33769946/}, journal={Journal of medical Internet research}, 
publisher={U.S. National Library of Medicine}, 
author={H;, Griffith J;Marani H;Monkman}, 
year={2021}, 
month={Apr}
}

@misc{e23279, 
title={Prevalence of Misinformation and Factchecks on the COVID-19 Pandemic in 35 Countries: Observational Infodemiology Study}, url={https://humanfactors.jmir.org/2021/1/e23279}, journal={JMIR Human Factors}, 
publisher={JMIR Publications Inc., Toronto, Canada}, author={Cha1, Meeyoung and Cha3, Chiyoung and Singh2, Karandeep and Lima1, Gabriel and Ahn4, Yong-Yeol and Kulshrestha7, Juhi and Varol8, Onur and Computing, 1School of and Cha, Corresponding Author:Meeyoung}, year={2021}, month={Feb}}

@misc{e22639, 
title={The COVID-19 Infodemic: Infodemiology Study Analyzing Stigmatizing Search Terms}, url={https://www.jmir.org/2020/11/e22639/}, 
journal={Journal of Medical Internet Research}, 
publisher={JMIR Publications Inc., Toronto, Canada}, author={Hu1*, Zhiwen and Yang2*, Zhongliang and Li2*, Qi and Zhang3, An and 1School of Computer and Information Engineering and Hu, 
Corresponding Author:Zhiwen}, year={2020}, month={Nov}}


@misc{who_2020, 
title={Immunizing the public against misinformation}, url={https://www.who.int/news-room/feature-stories/detail/immunizing-the-public-against-misinformation}, 
journal={World Health Organization}, 
publisher={World Health Organization}, 
author={WHO}, year={2020}, month={Aug}}

@misc{tc;_2021, 
title={Understanding misinformation infodemic during public health emergencies due to large-scale disease outbreaks: a rapid review}, 
url={https://pubmed.ncbi.nlm.nih.gov/33968601/}, journal={Zeitschrift fur Gesundheitswissenschaften = Journal of public health}, 
publisher={U.S. National Library of Medicine}, 
author={TC;, Chowdhury N;Khalid A;Turin}, year={2021}, month={May}}

@misc{kash_2021, 
title={Covid Vaccine Tweets}, url={https://www.kaggle.com/kaushiksuresh147/covidvaccine-tweets}, 
journal={Kaggle}, 
author={Kash}, year={2021}, month={May}}

@misc{preda_2021, 
title={All COVID-19 Vaccines Tweets}, url={https://www.kaggle.com/gpreda/all-covid19-vaccines-tweets}, 
journal={Kaggle}, 
author={Preda, Gabriel}, year={2021}, month={May}}

@misc{inc._2021, 
title={Coronavirus: Staying safe and informed on Twitter}, url={https://blog.twitter.com/en_us/topics/company/2020/covid-19.html}, 
journal={Twitter}, publisher={Twitter}, author={Inc., Twitter}, year={2021}, month={Jan}}

@misc{github_2021, 
title={lopezbec/COVID19_Tweets_Dataset}, url={https://github.com/lopezbec/COVID19_Tweets_Dataset/tree/master/Summary_Hashtag}, 
journal={GitHub}, 
author={Lopez, Christian and Vasu, Malolan}, year={2021}, month={Feb}}
